@inproceedings{havrylov-2019-cooperative,
    title = {\href{https://www.aclweb.org/anthology/N19-1115}{Cooperative Learning of Disjoint Syntax and Semantics}},
    author = "Havrylov, Serhii  and
      Kruszewski, Germ{\'a}n  and
      Joulin, Armand",
    booktitle = "Proc. NAACL-HLT",
    year = "2019",
}

@inproceedings{nangia-listops,
    title = {\href{https://www.aclweb.org/anthology/N18-4013}{ListOps: A diagnostic dataset for latent tree learning}},
    author = "Nangia, Nikita  and
      Bowman, Samuel",
    booktitle = "Proc. of NAACL SRW",
    year = "2018",
}

@inproceedings{Yogatama2016LearningTC,
  title={\href{https://arxiv.org/abs/1611.09100}{Learning to compose words into sentences with reinforcement
         learning}},
  author={Dani Yogatama and Phil Blunsom and Chris Dyer and Edward Grefenstette and Wang Ling},
  booktitle={Proc. of ICLR},
  year={2017}
}

@article{williams-reinforce,
    author = {Williams, Ronald J.},
    title = {\href{https://doi.org/10.1007/BF00992696}{Simple statistical gradient-following algorithms for
             connectionist reinforcement learning}},
    journal = {Mach. Learn.},
    volume = {8},
    year = {1992},
    publisher = {Kluwer Academic Publishers},
    } 
[

@inproceedings{bowman-spinn,
    title = {\href{https://www.aclweb.org/anthology/P16-1139}{A fast unified
             model for parsing and sentence understanding}},
    author = "Bowman, Samuel R.  and
      Gauthier, Jon  and
      Rastogi, Abhinav  and
      Gupta, Raghav  and
      Manning, Christopher D.  and
      Potts, Christopher",
    booktitle = "Proc. of ACL",
    year = "2016",
    doi = "10.18653/v1/P16-1139",
}

@article{brown1993mathematics,
  title={The mathematics of statistical machine translation: Parameter estimation},
  author={Brown, Peter F and Pietra, Vincent J Della and Pietra, Stephen A Della and Mercer, Robert L},
  journal={Computational Linguistics},
  volume={19},
  number={2},
  pages={263--311},
  year={1993},
  publisher={MIT Press}
}

@article{quattoni2007hidden,
  title={Hidden conditional random fields},
  author={Quattoni, Ariadna and Wang, Sybor and Morency, Louis-Philippe and Collins, Michael and Darrell, Trevor},
  journal={IEEE Transactions on Pattern Analysis \& Machine Intelligence},
  number={10},
  volume={29},
  pages={1848--1852},
  year={2007},
  publisher={IEEE}
}

@article{hsu2012spectral,
  title={A spectral algorithm for learning hidden Markov models},
  author={Hsu, Daniel and Kakade, Sham M and Zhang, Tong},
  journal={Journal of Computer and System Sciences},
  volume={78},
  number={5},
  pages={1460--1480},
  year={2012},
  publisher={Elsevier}
}

@inproceedings{anandkumar2012spectral,
  title={A spectral algorithm for latent dirichlet allocation},
  author={Anandkumar, Anima and Foster, Dean P and Hsu, Daniel J and Kakade, Sham M and Liu, Yi-Kai},
  booktitle={Advances in Neural Information Processing Systems},
  pages={917--925},
  year={2012}
}

@inproceedings{cohen2012spectral,
  title={\href{https://www.aclweb.org/anthology/papers/P/P12/P12-1024/}{Spectral learning of latent-variable PCFGs}},
  author={Cohen, Shay B and Stratos, Karl and Collins, Michael and Foster, Dean P and Ungar, Lyle},
  booktitle={Proc. of ACL},
  year={2012}
}

@inproceedings{marinho2016semi,
  title={Semi-supervised learning of sequence models with method of moments},
  author={Marinho, Zita and Martins, Andr{\'e} FT and Cohen, Shay B and Smith, Noah A},
  booktitle={Proceedings of the 2016 Conference on Empirical Methods in Natural Language Processing},
  pages={287--296},
  year={2016}
}

@article{ganchev2010posterior,
  title={Posterior regularization for structured latent variable models},
  author={Ganchev, Kuzman and Gillenwater, Jennifer and Taskar, Ben and others},
  journal={Journal of Machine Learning Research},
  volume={11},
  number={Jul},
  pages={2001--2049},
  year={2010}
}

@inproceedings{petrov2008discriminative,
  title={Discriminative log-linear grammars with latent variables},
  author={Petrov, Slav and Klein, Dan},
  booktitle={Advances in neural information processing systems},
  pages={1153--1160},
  year={2008}
}

@inproceedings{Eisner1996,
  title={Three new probabilistic models for dependency parsing: An exploration},
  author={Eisner, J.M.},
  booktitle={Proc. of International Conference on Computational Linguistics},
  pages={340--345},
  year={1996}
}

@InProceedings{Nivre2006CoNLL,
  author    = {Nivre, J.  and  Hall, J.  and  Nilsson, J.  and  Eryi{\v g}it, G.  and  Marinov, S.},
  title     = {Labeled Pseudo-Projective Dependency Parsing with Support Vector Machines},
  booktitle = {Procs. of International Conference on Natural Language Learning},
  year      = {2006}
}

@InProceedings{McDonald2005b,
  title =	"Non-Projective Dependency Parsing using Spanning Tree
		 Algorithms",
  author =	"R. T. McDonald and F. Pereira and K.
		 Ribarov and J. Hajic",
  year = 	"2005",
  booktitle =	"Proc. of Empirical Methods for Natural Language Processing"
}

@conference{Koo2007,
  title={{Structured prediction models via the matrix-tree theorem}},
  author={Koo, T. and Globerson, A. and Carreras, X. and Collins, M.},
  booktitle={Empirical Methods for Natural Language Processing},
  year={2007}
}

@book{Wainwright2008,
  title={\href{https://people.eecs.berkeley.edu/~wainwrig/Papers/WaiJor08_FTML.pdf}{Graphical models, exponential families, and variational inference.}},
  author={Wainwright, Martin J and Jordan, Michael I},
  journal_full={Foundations and Trends{\textregistered} in Machine Learning},
  journal={Found. Trends Mach. Learn.},
  volume={1},
  number={1--2},
  pages={1--305},
  year={2008},
  publisher={Now Publishers, Inc.}
}

@article{pressattn,
  title={You May Not Need Attention},
  author={Press, Ofir and Smith, Noah A},
  journal={preprint arXiv:1810.13409},
  year={2018}
}

@article{Brucker1984,
  title={\href{https://www.sciencedirect.com/science/article/pii/0167637784900105}{An
         $O(n)$ algorithm for quadratic knapsack problems}},
  author={Brucker, Peter},
  journal={Operations Research Letters},
  volume={3},
  number={3},
  pages={163--166},
  year={1984},
  publisher={Elsevier}
}


@article{Held1974,
  title={\href{https://link.springer.com/article/10.1007/BF01580223}{Validation
         of subgradient optimization}},
  author={Held, Michael and Wolfe, Philip and Crowder, Harlan P},
  journal={Mathematical Programming},
  volume={6},
  number={1},
  pages={62--88},
  year={1974},
  publisher={Springer}
}

@article{Condat2016,
  title={\href{https://hal.archives-ouvertes.fr/hal-01056171}{Fast projection onto the simplex and the $\ell_1$ ball}},
  author={Condat, Laurent},
  journal={Mathematical Programming},
  volume={158},
  number={1-2},
  pages={575--585},
  year={2016},
  publisher={Springer}
}

@article{danskin_theorem,
  title={\href{https://epubs.siam.org/doi/abs/10.1137/0114053}{The theory of max-min, with applications}},
  author={Danskin, John M},
  journal={SIAM Journal on Applied Mathematics},
  volume={14},
  number={4},
  pages={641--664},
  year={1966},
}  

@inproceedings{sparsemax,
  title={\href{https://arxiv.org/abs/1602.02068}
    {From softmax to sparsemax: A sparse model of attention and multi-label
    classification}},
  author={Martins, Andr{\'e} FT and Astudillo, Ram{\'o}n Fernandez},
  booktitle={Proc. of ICML},
  year={2016}
}

@inproceedings{sparseattn,
  title={\href{https://arxiv.org/abs/1705.07704}{A regularized framework for
    sparse and structured neural attention}},
  author={Niculae, Vlad and Blondel, Mathieu},
  booktitle={Proc. of NeurIPS},
  year={2017}
}

@article{dantzig,
  title={\href{https://msp.org/pjm/1955/5-2/pjm-v5-n2-s.pdf}{The
         generalized simplex method for minimizing a linear form under linear inequality restraints}},
  author={Dantzig, George B and Orden, Alex and Wolfe, Philip},
  journal={Pacific Journal of Mathematics},
  volume={5},
  number={2},
  pages={183--195},
  year={1955}
}

@inproceedings{sparsemap,
  title={\href{https://arxiv.org/abs/1802.04223}{SparseMAP: Differentiable sparse structured inference}},
  author={Niculae, Vlad and Martins, Andr{\'e} FT and Blondel, Mathieu and Cardie, Claire},
  booktitle={Proc. of ICML},
  year={2018}
}

@inproceedings{esim,
  title={\href{https://www.aclweb.org/anthology/P17-1152}{Enhanced {LSTM} for natural language inference}},
  author={Chen, Qian and Zhu, Xiaodan and Ling, Zhen-Hua and Wei, Si and Jiang, Hui and Inkpen, Diana},
  booktitle={Proc. of ACL},
  year={2017}
}

@inproceedings{structured_attn,
  title={\href{https://arxiv.org/abs/1702.00887}{Structured attention
         networks}},
  author={Kim, Yoon and Denton, Carl and Hoang, Loung and Rush, Alexander M},
  booktitle={Proc. of ICLR},
  year={2017}
}

@conference{DSmithSmith2007,
  title={\href{www.aclweb.org/anthology/D07-1014}{Probabilistic models of nonprojective dependency trees}},
  author={Smith, David A and Smith, Noah A},
  booktitle={Proc. of EMNLP},
  year={2007}
}

@InProceedings{McDonald2007,
  title={\href{https://dl.acm.org/citation.cfm?id=1621410.1621426}{On the complexity of non-projective data-driven dependency parsing}},
  booktitle = {Proc. of ICPT},
  author =	{McDonald, Ryan T and Satta, Giorgio},
  year = 	"2007",
}

@inproceedings{koo-mt,
  title={\href{http://www.aclweb.org/anthology/D07-1015}{Structured prediction models via the matrix-tree theorem}},
  author={Koo, Terry and Globerson, Amir and Carreras P{\'e}rez, Xavier and Collins, Michael},
  booktitle={Proc. of EMNLP},
  year={2007}
}

@article{lapata,
  title={\href{https://arxiv.org/abs/1705.09207}{Learning structured text representations}},
  author={Liu, Yang and Lapata, Mirella},
  journal={TACL},
  volume={6},
  pages = {63--75},
  year={2018}
}

@inproceedings{Malaviya2018ACL,
  title={\href{https://arxiv.org/abs/1805.08241}{Sparse and constrained attention for neural machine translation}},
  author={Chaitanya Malaviya and Pedro Ferreira and Andr\'e FT Martins},
  booktitle={Proc. of ACL},
  year={2018}
}

@inproceedings{easy,
  title={\href{https://www.aclweb.org/anthology/papers/D/D17/D17-1036/}{Learning
         what's easy: Fully differentiable neural easy-first taggers}},
  author={Martins, Andr{\'e} FT and Kreutzer, Julia},
  booktitle={Proc. of EMNLP},
  year={2017}
}

@phdthesis{taskar-thesis,
    title    = {\href{https://homes.cs.washington.edu/~taskar/pubs/thesis.pdf}{Learning structured prediction models: A large margin approach}},
    school   = {Stanford University},
    author   = {Ben Taskar},
    year     = {2004}
}

@article{valiant,
  title={\href{https://doi.org/10.1016/0304-3975(79)90044-6}{The complexity of computing the permanent}},
  author={Valiant, Leslie G},
  journal={Theor. Comput. Sci.},
  volume={8},
  number={2},
  pages={189--201},
  year={1979},
  publisher={Elsevier}
}

@inproceedings{treelstm,
  title={\href{https://arxiv.org/abs/1503.00075}{Improved semantic
         representations from tree-structured Long
         Short-Term Memory networks}},
  author={Tai, Kai Sheng and Socher, Richard and Manning, Christopher D},
  booktitle={Proc. of ACL-IJCNLP},
  year={2015}
}

@inproceedings{sparsemapcg,
  title={\href{https://arxiv.org/abs/1809.00653}{Towards dynamic computation graphs via sparse latent
         structure}},
  author={Niculae, Vlad and Martins, Andr{\'e} FT and Cardie, Claire},
  booktitle={Proc. of EMNLP},
  year={2018}
}

@article{hill,
  title={\href{https://arxiv.org/abs/1504.00548}{Learning to understand phrases by embedding the dictionary}},
  author={Hill, Felix and Cho, KyungHyun and Korhonen, Anna and Bengio, Yoshua},
  journal={TACL},
  volume={4},
  number={1},
  pages={17--30},
  year={2016}
}

@Article{Rabiner1989,
 author =      "Lawrence R. Rabiner",
 title ={\href{https://doi.org/10.1109/5.18626}{A tutorial on Hidden Markov
         Models and selected
                applications in speech recognition}},
 journal =     "P. IEEE",
 year =        "1989",
 volume =      "77",
 number =      "2",
 pages =       "257--286",
}

@inproceedings{hiera,
  title={Hierarchical attention networks for document classification},
  author={Yang, Zichao and Yang, Diyi and Dyer, Chris and He, Xiaodong and Smola, Alex and Hovy, Eduard},
  booktitle={Proc. of NAACL-HLT},
  year={2016}
}

@inproceedings{memntn,
  title={End-to-end memory networks},
  author={Sukhbaatar, Sainbayar and Weston, Jason and Fergus, Rob},
  booktitle={Proc. of NeurIPS},
  year={2015}
}

@article{ntm,
  title={Neural Turing Machines},
  author={Alex Graves and Greg Wayne and Ivo Danihelka},
  journal={arXiv preprint arXiv:1410.5401},
  year={2014},
}

@inproceedings{transf,
  title={Attention Is All You Need},
  author={Ashish Vaswani and Noam Shazeer and Niki Parmar and Jakob Uszkoreit and Llion Jones and Aidan N. Gomez and Lukasz Kaiser and Illia Polosukhin},
  booktitle={Proc. of NeurIPS},
  year={2017}
}

@inproceedings{selfattn,
  title={Long Short-Term Memory-Networks for Machine Reading},
  author={Jianpeng Cheng and Li Dong and Mirella Lapata},
  booktitle={Proc. of EMNLP},
  year={2016}
}

@article{fused_lasso,
  title={\href{https://web.stanford.edu/group/SOL/papers/fused-lasso-JRSSB.pdf}
        {Sparsity and smoothness via the fused lasso}},
  author={Tibshirani, Robert and Saunders, Michael and Rosset, Saharon and Zhu, Ji and Knight, Keith},
  journal={Journal of the Royal Statistical Society: Series B (Statistical Methodology)},
  volume={67},
  number={1},
  pages={91--108},
  year={2005},
}

@inproceedings{bahdanau,
  title={\href{https://arxiv.org/abs/1409.0473}
         {Neural machine translation by jointly learning to align and
         translate}},
  author={Bahdanau, Dzmitry and Cho, Kyunghyun and Bengio, Yoshua},
  booktitle={Proc. of ICLR},
  year={2015}
}

@inproceedings{luong,
  title={\href{https://arxiv.org/abs/1508.04025}
         {Effective approaches to attention-based neural machine translation}},
  author={Luong, Minh-Thang and Pham, Hieu and Manning, Christopher D},
  booktitle={Proc. of EMNLP},
  year={2015}
}

@article{danskin,
  title={\href{https://epubs.siam.org/doi/abs/10.1137/0114053}{The theory of max-min, with applications}},
  author={Danskin, John M},
  journal={SIAM Journal on Applied Mathematics},
  volume={14},
  number={4},
  pages={641--664},
  year={1966},
}  

@book{bertsekas-nonlin,
  title={\href{http://www.athenasc.com/nonlinbook.html}{Nonlinear Programming}},
  author={Bertsekas, Dimitri P},
  year={1999},
  publisher={Athena Scientific Belmont}
}

@book{nocedalwright,
  title={\href{https://doi.org/10.1007/b98874}{Numerical Optimization}},
  author={Nocedal, Jorge and Wright, Stephen},
  year={1999},
  publisher={Springer New York}
}

@article{fw,
  title={\href{https://doi.org/10.1002/nav.3800030109}{An algorithm for quadratic programming}},
  author={Frank, Marguerite and Wolfe, Philip},
  journal={Nav. Res. Log.},
  volume={3},
  number={1-2},
  pages={95--110},
  year={1956},
  publisher={Wiley Online Library}
}

@inproceedings{cg,
  title={\href{https://arxiv.org/abs/1511.05932}{On the global linear convergence of Frank-Wolfe optimization variants}},
  author={Lacoste-Julien, Simon and Jaggi, Martin},
  booktitle={Proc. of NeurIPS},
  year={2015}
}

@InProceedings{vinyes,
  title = {\href{http://proceedings.mlr.press/v54/vinyes17a.html}{
    Fast column generation for atomic norm regularization}},
  author = {Marina Vinyes and Guillaume Obozinski},
  booktitle = {Proc. of AISTATS},
  year = {2017},
}

@article{mnp,
  title={\href{https://link.springer.com/article/10.1007/BF01580381}{Finding the
         nearest point in a polytope}},
  author={Wolfe, Philip},
  journal={Mathematical Programming},
  volume={11},
  number={1},
  pages={128--149},
  year={1976},
  publisher={Springer}
}

@inproceedings{dmgcn,
	title = {\href{http://aclweb.org/anthology/D17-1159}{Encoding sentences with graph convolutional networks for semantic
          role labeling}},
	url = {http://aclweb.org/anthology/D17-1159},
	doi = {10.18653/v1/D17-1159},
	booktitle = {Proc. of {EMNLP}},
	author = {Marcheggiani, Diego and Titov, Ivan},
	year = {2017},
}

@inproceedings{tkgcn,
	title = {\href{https://arxiv.org/abs/1609.02907}{Semi-supervised
          classification with graph convolutional networks}},
	url = {http://arxiv.org/abs/1609.02907},
	booktitle = {Proc. of {ICLR}},
	author = {Kipf, Thomas N. and Welling, Max},
	year = {2017},
}

@inproceedings{optnet,
	title = {\href{http://proceedings.mlr.press/v70/amos17a.html}{OptNet: Differentiable optimization as a layer in neural networks}},
	url = {http://proceedings.mlr.press/v70/amos17a.html},
	booktitle = {Proc. of ICML},
	author = {Amos, Brandon and Kolter, J. Zico},
	year = {2017},
}

@article{gould,
	title = {\href{https://arxiv.org/abs/1607.05447}{On differentiating parameterized argmin and argmax problems with application to bi-level optimization}},
	url = {http://arxiv.org/abs/1607.05447},
	journal = {preprint arXiv:1607.05447},
	author = {Gould, Stephen and Fernando, Basura and Cherian, Anoop and Anderson, Peter and Cruz, Rodrigo Santa and Guo, Edison},
	year = {2016},
}

@article{fylossesext,
  title={\href{https://arxiv.org/abs/1901.02324}{Learning with Fenchel-Young Losses}},
  author={Blondel, Mathieu and Martins, Andr{\'e} FT and Niculae, Vlad},
  journal={preprint arXiv:1901.02324},
  year={2019}
}

@inproceedings{jang2016categorical,
  title={\href{https://arxiv.org/abs/1611.01144}{Categorical reparameterization with Gumbel-softmax}},
  author={Jang, Eric and Gu, Shixiang and Poole, Ben},
  booktitle={Proc. of ICLR},
  year={2017}
}

@inproceedings{maddison2016concrete,
  title={\href{https://arxiv.org/abs/1611.00712}{The concrete distribution: A continuous relaxation of discrete random variables}},
  author={Maddison, Chris J and Mnih, Andriy and Teh, Yee Whye},
  booktitle={Proc. of ICLR},
  year={2016}
}

@inproceedings{choi2017learning,
  title={\href{https://arxiv.org/abs/1707.02786}{Learning to compose task-specific tree structures}},
  author={Choi, Jihun and Yoo, Kang Min and Lee, Sang-goo},
  booktitle={Proc. of AAAI},
  year={2018}
}


@inproceedings{arthurdp,
  title={\href{https://arxiv.org/abs/1802.03676}{Differentiable dynamic programming for structured prediction
         and attention}},
  author={Mensch, Arthur and Blondel, Mathieu},
  booktitle={Proc. of ICML},
  year={2018}
}

@inproceedings{Li2009,
  title={\href{http://www.mt-archive.info/EMNLP-2009-Li.pdf}{First-and second-order expectation semirings with applications to minimum-risk training on translation forests}},
  author={Li, Zhifei and Eisner, Jason},
  booktitle={Proc. of EMNLP},
  year={2009},
}

@inproceedings{peng2018backpropagating,
  title={\href{https://arxiv.org/abs/1805.04658}{Backpropagating through structured argmax using a SPIGOT}},
  author={Peng, Hao and Thomson, Sam and Smith, Noah A},
  booktitle={Proc. of ACL},
  year={2018}
}

@article{maillard2018latent,
  title={\href{https://arxiv.org/abs/1806.00840}{Latent tree learning with differentiable parsers: Shift-Reduce
         parsing and chart parsing}},
  author={Maillard, Jean and Clark, Stephen},
  journal={arXiv preprint arXiv:1806.00840},
  year={2018}
}

@inproceedings{corro2018differentiable,
  title={\href{https://arxiv.org/abs/1807.09875}{Differentiable Perturb-and-Parse: Semi-Supervised Parsing with a Structured Variational Autoencoder}},
  author={Corro, Caio and Titov, Ivan},
  booktitle={Proc. of ICLR},
  year={2019}
}

@inproceedings{corro2019acl,
author = {Corro, Caio and Titov, Ivan},
booktitle = {Proc. of ACL},
title = {\href{https://arxiv.org/abs/1906.09992}{Learning latent trees with stochastic perturbations and differentiable dynamic programming}},
year = {2019}
}

@inproceedings{hinton2012ste,
author = {Hinton, Geoffrey},
booktitle = {Coursera video lectures},
title = {{Neural networks for machine learning.}},
year = {2012}
}

@article{bengio2013ste,
  title={\href{https://arxiv.org/abs/1308.3432}{Estimating or propagating gradients through stochastic neurons
         for conditional computation}},
  author={Bengio, Yoshua and L{\'e}onard, Nicholas and Courville, Aaron},
  journal={arXiv preprint arXiv:1308.3432},
  year={2013}
}

@article{stequantnn,
  title={Understanding Straight-Through Estimator in Training Activation Quantized Neural Nets},
  author={Yin, Penghang and Lyu, Jiancheng and Zhang, Shuai and Osher, Stanley and Qi, Yingyong and Xin, Jack},
  journal={arXiv preprint arXiv:1903.05662},
  year={2019}
}

@book{boyd,
  title={\href{https://web.stanford.edu/~boyd/cvxbook/}{Convex optimization}},
  author={Boyd, Stephen and Vandenberghe, Lieven},
  year={2004},
  publisher={Cambridge University Press}
}

@article{kingma2013auto,
  title={\href{https://arxiv.org/abs/1312.6114}{Auto-encoding Variational Bayes}},
  author={Kingma, Diederik P and Welling, Max},
  booktitle={Proc. of ICLR},
  year={2014}
}

@inproceedings{perturbandmap,
  title={\href{https://doi.org/10.1109/ICCV.2011.6126242}{Perturb-and-MAP random fields: Using discrete optimization to
         learn and sample from energy models}},
  author={Papandreou, George and Yuille, Alan L},
  booktitle={Proc. of ICCV},
  year={2011},
}

@Article{Tsallis1988,
  title={\href{https://link.springer.com/article/10.1007/BF01016429}{Possible generalization of Boltzmann-Gibbs statistics}},
  author =	"Constantino Tsallis",
  journal =	"Journal of Statistical Physics",
  year = 	"1988",
  volume =	"52",
  pages =	"479--487",
}

@inproceedings{fylosses,
   author = {{Blondel}, Mathieu and {Martins}, Andr\'{e} FT and {Niculae}, Vlad},
    title = {\href{https://arxiv.org/abs/1805.09717}{Learning classifiers with
             Fenchel-Young losses: Generalized entropies, margins, and
             algorithms}},
  booktitle={Proc. of AISTATS},
     year = 2019,
}

@article{ad3,
  title={\href{http://jmlr.org/papers/v16/martins15a.html}{AD3: Alternating directions dual decomposition for MAP inference in graphical models}},
  author={Martins, Andr{\'e} FT and Figueiredo, M{\'a}rio AT and Aguiar, Pedro MQ and Smith, Noah A and Xing, Eric P},
  journal={JMLR},
  volume={16},
  number={1},
  pages={495--545},
  year={2015},
}


@inproceedings{sparseseq,
   author = {{Peters}, Ben and 
             {Niculae}, Vlad and
             {Martins}, Andr\'{e} FT},
    title = {\href{https://arxiv.org/abs/1905.05702}{Sparse sequence-to-sequence models}},
    booktitle = {Proc. of ACL},
    year=2019
}

@InProceedings{ves,
  title = 	 {\href{http://proceedings.mlr.press/v15/stoyanov11a.html}{Empirical
    risk minimization of graphical model parameters given approximate inference,
    decoding, and model structure}},
  author = 	 {Veselin Stoyanov and Alexander Ropson and Jason Eisner},
  booktitle = 	 {Proc. of AISTATS},
  year = 	 {2011},
}

@article{Chu1965,
author = {Chu, Yoeng-Jin and Liu, Tseng-Hong},
title = "On the Shortest Arborescence of a Directed Graph",
year = "1965",
volume = "14",
journal = "Science Sinica",
pages = "1396--1400"}

@article{Edmonds1967,
author = {Edmonds, Jack},
year = "1967",
title = {\href{https://doi.org/10.6028%2Fjres.071b.032}{Optimum branchings}},
journal_full = "Journal of Research of the National Bureau of Standards",
journal={J. Res. Nat. Bur. Stand.},
volume = "71B",
pages = "233--240"}

@article{Kirchhoff1847,
  title={Ueber die Aufl{\"o}sung der Gleichungen, auf welche man bei der Untersuchung der linearen Vertheilung galvanischer Str{\"o}me gef{\"u}hrt wird},
  author={Kirchhoff, Gustav},
  journal={Annalen der Physik},
  volume={148},
  number={12},
  pages={497--508},
  year={1847},
  publisher={Wiley Online Library}
}

@conference{DSmithSmith2007,
  title={\href{www.aclweb.org/anthology/D07-1014}{Probabilistic models of nonprojective dependency trees}},
  author={Smith, David A and Smith, Noah A},
  booktitle={Proc. of EMNLP},
  year={2007}
}

@InProceedings{McDonald2007,
  title={\href{https://dl.acm.org/citation.cfm?id=1621410.1621426}{On the complexity of non-projective data-driven dependency parsing}},
  booktitle = {Proc. of ICPT},
  author =	{McDonald, Ryan T and Satta, Giorgio},
  year = 	"2007",
}

@article{hungarian,
  title={\href{http://onlinelibrary.wiley.com/doi/10.1002/nav.3800020109/abstract}{The
         Hungarian method for the assignment problem}},
  author={Kuhn, Harold W},
  journal={Nav. Res. Log.},
  volume={2},
  number={1-2},
  pages={83--97},
  year={1955},
  publisher={Wiley Online Library}
}

@article{lapjv,
  title={\href{https://link.springer.com/article/10.1007/BF02278710}{A shortest
         augmenting path algorithm for dense and sparse linear assignment
         problems}},
  author={Jonker, Roy and Volgenant, Anton},
  journal={Computing},
  volume={38},
  number={4},
  pages={325--340},
  year={1987},
  publisher={Springer}
}

@article{dtw,
  title={Dynamic programming algorithm optimization for spoken word recognition},
  author={Sakoe, Hiroaki and Chiba, Seibi},
  journal={IEEE Trans. on Acoustics, Speech, and Sig. Proc.},
  volume={26},
  pages={43-49},
  year={1978}
}

@inproceedings{softdtw,
  title={\href{https://arxiv.org/abs/1703.01541}{Soft-DTW: a differentiable loss
         function for time-series}},
  author={Cuturi, Marco and Blondel, Mathieu},
  booktitle={Proc. of ICML},
  year={2017},
}

@article{younger,
  title={Recognition and parsing of context-free languages in time $n^3$},
  author={Younger, Daniel H},
  journal={Information and Control},
  volume={10},
  number={2},
  pages={189--208},
  year={1967},
}

@book{cocke,
  title={Programming languages and their compilers},
  author={Cocke, William John and Schwartz, Jacob T},
  year={1970},
  publisher={Courant Institute of Mathematical Sciences.}
}

@article{kasami,
  title={An efficient recognition and syntax-analysis algorithm for context-free languages},
  author={Kasami, Tadao},
  journal={Coordinated Science Laboratory Report no. R-257},
  year={1966},
}

@article{isitsyntax,
    title={\href{https://arxiv.org/abs/1709.01121}{Do latent tree learning
           models identify meaningful structure in sentences?}},
    author={Adina Williams and Andrew Drozdov and Samuel R Bowman},
    journal={TACL},
    year={2018},
}

@article{stspigotnote,
  title={\href{https://arxiv.org/abs/1907.10348}{Notes on latent structure models and SPIGOT}},
  author={Martins, Andr{\'e} FT and Niculae, Vlad},
  journal={preprint arXiv:1907.10348},
  year={2019}
}

@misc{ryanadamsblog,
    title={The Gumbel-Max Trick for Discrete Distributions},
    author={Ryan Adams},
    year={2013},
    url={https://lips.cs.princeton.edu/the-gumbel-max-trick-for-discrete-distributions/},
    note={Blog post}
}

@misc{timblog,
    title={Gumbel-Max Trick},
    author={Tim Vieira},
    year={2014},
    url={https://timvieira.github.io/blog/post/2014/07/31/gumbel-max-trick/},
    note={Blog post}
}

@article{insideoutside,
  title={\href{https://doi.org/10.1121/1.2017061}{Trainable grammars for speech
         recognition}},
  author={Baker, James K},
  journal={The Journal of the Acoustical Society of America},
  volume={65},
  number={S1},
  pages={S132--S132},
  year={1979},
}

@inproceedings{rnng1,
author = {Kim, Yoon and Rush, Alexander and Yu, Lei and Kuncoro, Adhiguna and Dyer, Chris and Melis, G{\'{a}}bor},
booktitle = {Proc. of NAACL-HLT},
title = {\href{https://www.aclweb.org/anthology/N19-1114}{Unsupervised recurrent neural network grammars}},
year = {2019}
}

@inproceedings{segm,
title={\href{https://www.aclweb.org/anthology/P19-1645}{Learning to discover, ground and use words with segmental neural
       language models}},
author={Kazuya Kawakami and Chris Dyer and Phil Blunsom},
year={2019},
booktitle={Proc. of ACL}
}

@inproceedings{rnng2,
    title={\href{https://arxiv.org/abs/1906.10225}{Compound probabilistic context-free grammars for grammar
           induction}},
    author = {Kim, Yoon and Dyer, Chris and Rush, Alexander},
    year={2019},
    booktitle={Proc. of ACL}
}

